@article{r1,
    author = {Stephan Saalfeld and Albert Cardona and Volker Hartenstein and Pavel Tomancak},
    title = {CATMAID: collaborative annotation toolkit for massive amounts of image data},
    journal = {BIOINFORMATICS},
    year = {2009},
}

@misc{pg,
    title = {PostgreSQL},
    howpublished = {\url { https://www.postgresql.org/ }}
}

@misc{spring,
    title = {Spring},
    howpublished = {\url { https://spring.io/ }}
}


@misc{netty,
    title = {Netty},
    howpublished = {\url { https://netty.io/ }}
}

@misc{volley,
    title = {Volley},
    howpublished = {\url { https://github.com/google/volley }}
}

@misc{room,
    title = {Room},
    howpublished = {\url { https://developer.android.com/topic/libraries/architecture/room.html }}
}

